@book{Feynman1998,
	Author = {Feynman, Richard Phillips and Hey, JG and Allen, Robin W},
	Date-Added = {2016-02-04 19:17:32 +0000},
	Date-Modified = {2016-02-04 19:17:33 +0000},
	Publisher = {Addison-Wesley Longman Publishing Co., Inc.},
	Title = {Feynman lectures on computation},
	Year = {1998}}

@article{Lee2016,
	Author = {Lee, Samuel K. and Lisanti, Mariangela and Safdi, Benjamin R. and Slatyer, Tracy R. and Xue, Wei},
	Date-Added = {2016-02-04 19:16:49 +0000},
	Date-Modified = {2016-02-04 19:16:52 +0000},
	Doi = {10.1103/PhysRevLett.116.051103},
	Issue = {5},
	Journal = {Phys. Rev. Lett.},
	Month = {Feb},
	Numpages = {6},
	Pages = {051103},
	Publisher = {American Physical Society},
	Title = {Evidence for Unresolved $\ensuremath{\gamma}$-Ray Point Sources in the Inner Galaxy},
	Url = {http://link.aps.org/doi/10.1103/PhysRevLett.116.051103},
	Volume = {116},
	Year = {2016},
	Bdsk-Url-1 = {http://link.aps.org/doi/10.1103/PhysRevLett.116.051103},
	Bdsk-Url-2 = {http://dx.doi.org/10.1103/PhysRevLett.116.051103}}

@article{Pincus2016,
	Author = {Pincus, Zachary},
	Date = {2016/02/04/print},
	Date-Added = {2016-02-04 19:14:03 +0000},
	Date-Modified = {2016-02-04 19:14:11 +0000},
	Day = {04},
	Isbn = {0028-0836},
	Journal = {Nature},
	L3 = {10.1038/nature16873},
	M3 = {News \& Views},
	Month = {02},
	Number = {7588},
	Pages = {37--38},
	Publisher = {Nature Publishing Group, a division of Macmillan Publishers Limited. All Rights Reserved.},
	Title = {Ageing: A stretch in time},
	Ty = {JOUR},
	Url = {http://dx.doi.org/10.1038/nature16873},
	Volume = {530},
	Year = {2016},
	Bdsk-Url-1 = {http://dx.doi.org/10.1038/nature16873}}
	
	@ARTICLE{Hardy2016,
   author = {{Hardy}, L.},
    title = "{Operational General Relativity: Possibilistic, Probabilistic, and Quantum}",
  journal = {ArXiv e-prints},
archivePrefix = "arXiv",
   eprint = {1608.06940},
 primaryClass = "gr-qc",
 keywords = {General Relativity and Quantum Cosmology, High Energy Physics - Theory, Quantum Physics},
     year = 2016,
    month = aug,
   adsurl = {http://adsabs.harvard.edu/abs/2016arXiv160806940H},
  adsnote = {Provided by the SAO/NASA Astrophysics Data System}
}

@article{Turok1996,
  title = {A Causal Source Which Mimics Inflation},
  author = {Turok, Neil},
  journal = {Phys. Rev. Lett.},
  volume = {77},
  issue = {20},
  pages = {4138--4141},
  numpages = {0},
  year = {1996},
  month = {Nov},
  publisher = {American Physical Society},
  doi = {10.1103/PhysRevLett.77.4138},
  url = {http://link.aps.org/doi/10.1103/PhysRevLett.77.4138}
}

@article{Einstein1906,
  title={Eine neue bestimmung der molek{\"u}ldimensionen},
  author={Einstein, Albert},
  journal={Annalen der Physik},
  volume={324},
  number={2},
  pages={289--306},
  year={1906},
  publisher={Wiley Online Library}
}

	

